@Misc{Fyodor,
	author = {Fyodor,, Vaskovich},
	title = {Nmap: Scanning the Internet},
	year = {2008},
	howpublished = {\url{https://www.youtube.com/watch?v=Hk-21p2m8YY}}
}
@Misc{wiki:Gordon,
	author = {Wikipedia},
	title = {"{G}ordon {L}yon --- {W}ikipedia{,} The Free Encyclopedia"},
	year = {2016},
	howpublished = {\url{https://en.wikipedia.org/wiki/Gordon_Lyon}},	
}
@Misc{wiki:bgp,
	author = {Wikipedia},
	title = {"{B}order {G}ateway {P}rotocol --- {W}ikipedia{,} The Free Encyclopedia"},
	year = {2016},
	howpublished =  {\url{https://en.wikipedia.org/wiki/Border_Gateway_Protocol}},	
}
@Misc{wiki:dns,
	author = {Wikipedia},
	title = {"{Z}one file --- {W}ikipedia{,} The Free Encyclopedia"},
	year = {2016},
	howpublished =  {\url{https://en.wikipedia.org/wiki/Zone_file}},	
}
@Misc{bhat,
	author = {Blackhat},
	title = {Blackhat.com},
	year = {2018},
	howpublished = {\url{https://www.blackhat.com}}
}
@Misc{nmap,
	author = {Nmap},
	title = {nmap.org},
	year = {2018},
	howpublished = {\url{https://nmap.org}}
}